@PREAMBLE{ "\providecommand{\noopsort}[1]{} "
	 # "\providecommand{\singleletter}[1]{#1} " }
@PREAMBLE{ "\providecommand{\noopsort}[1]{} "
	 # "\providecommand{\singleletter}[1]{#1} " }

@Article{	  deatonliqconstr,
  author	= {Deaton, Angus S.},
  journal	= {Econometrica},
  note		= {\url{https://www.jstor.org/stable/2938366}},
  pages		= {1221-1248},
  title		= {Saving and Liquidity Constraints},
  volume	= {59},
  year		= {1991},
  url		= {http://www.jstor.org/stable/2938366}
}

@Article{	  ckconcavity,
  author	= {Carroll, Christo{\-}pher D. and Kim{\-}ball, Miles S.},
  journal	= {Econometrica},
  note		= {\url{https://www.econ2.jhu.edu/people/ccarroll/concavity.pdf}},
  number	= {4},
  pages		= {981--992},
  title		= {On the {C}on{\-}cav{\-}ity of the {C}onsumption {F}unction},
  volume	= {64},
  year		= {1996},
  url		= {https://www.econ2.jhu.edu/people/ccarroll/concavity.pdf}
}

@Misc{		  matodarich,
  author	= {Qingyin Ma and Alexis Akira Toda},
  journal	= {arXiv},
  title		= {A Theory of the Saving Rate of the Rich},
  year		= {2020}
}

@Book{		  riehl2017category,
  author	= {Riehl, Emily},
  publisher	= {Courier Dover Publications},
  title		= {Category theory in context},
  year		= {2017}
}

@Article{	  stachurskitoda2019jet,
  author	= {Stachurski, John and Toda, Alexis Akira},
  journal	= {Journal of Economic Theory},
  month		= jul,
  pages		= {1-24},
  title		= {An Impossibility Theorem for Wealth in Heterogeneous-Agent
		  Models with Limited Heterogeneity},
  volume	= {182},
  year		= {2019},
  doi		= {10.1016/j.jet.2019.04.001}
}

@Book{		  aliprantis2005,
  address	= {Berlin},
  author	= {Aliprantis, Charalambos D. and Border, Kim C},
  edition	= {3},
  mendeley-groups={thesis},
  publisher	= {Springer-Verlag},
  title		= {{Infinite Dimensional Analysis: A Hitchhiker's Guide}},
  year		= {2006}
}

@Book{		  rockafellar1972,
  author	= {Rockafellar, R. Tyrrell},
  publisher	= {Princeton University Press},
  title		= {{Convex Analysis}},
  year		= {1972}
}

@Article{	  deatonliqconstr,
  author	= {Deaton, Angus S.},
  journal	= {Econometrica},
  note		= {\url{https://www.jstor.org/stable/2938366}},
  pages		= {1221-1248},
  title		= {Saving and Liquidity Constraints},
  volume	= {59},
  year		= {1991},
  url		= {http://www.jstor.org/stable/2938366}
}

@Article{	  ckconcavity,
  author	= {Carroll, Christo{\-}pher D. and Kim{\-}ball, Miles S.},
  journal	= {Econometrica},
  note		= {\url{https://www.econ2.jhu.edu/people/ccarroll/concavity.pdf}},
  number	= {4},
  pages		= {981--992},
  title		= {On the {C}on{\-}cav{\-}ity of the {C}onsumption {F}unction},
  volume	= {64},
  year		= {1996},
  url		= {https://www.econ2.jhu.edu/people/ccarroll/concavity.pdf}
}

@Misc{		  matodarich,
  author	= {Qingyin Ma and Alexis Akira Toda},
  journal	= {arXiv},
  title		= {A Theory of the Saving Rate of the Rich},
  year		= {2020}
}

@Book{		  riehl2017category,
  author	= {Riehl, Emily},
  publisher	= {Courier Dover Publications},
  title		= {Category theory in context},
  year		= {2017}
}

@Article{	  stachurskitoda2019jet,
  author	= {Stachurski, John and Toda, Alexis Akira},
  journal	= {Journal of Economic Theory},
  month		= jul,
  pages		= {1-24},
  title		= {An Impossibility Theorem for Wealth in Heterogeneous-Agent
		  Models with Limited Heterogeneity},
  volume	= {182},
  year		= {2019},
  doi		= {10.1016/j.jet.2019.04.001}
}

@Book{		  aliprantis2005,
  address	= {Berlin},
  author	= {Aliprantis, Charalambos D. and Border, Kim C},
  edition	= {3},
  mendeley-groups={thesis},
  publisher	= {Springer-Verlag},
  title		= {{Infinite Dimensional Analysis: A Hitchhiker's Guide}},
  year		= {2006}
}

@Book{		  rockafellar1972,
  author	= {Rockafellar, R. Tyrrell},
  publisher	= {Princeton University Press},
  title		= {{Convex Analysis}},
  year		= {1972}
}

@Misc{		  matodarich,
  title		= {A Theory of the Saving Rate of the Rich},
  author	= {Qingyin Ma and Alexis Akira Toda},
  year		= 2020,
  eprint	= {2005.02379},
  journal	= {arXiv},
  primaryclass	= {econ.TH}
}

@Book{		  riehl2017category,
  title		= {Category theory in context},
  author	= {Riehl, Emily},
  year		= 2017,
  publisher	= {Courier Dover Publications}
}

@Article{	  stachurskitoda2019jet,
  author	= {Stachurski, John and Toda, Alexis Akira},
  title		= {An Impossibility Theorem for Wealth in Heterogeneous-Agent
		  Models with Limited Heterogeneity},
  journal	= {Journal of Economic Theory},
  year		= 2019,
  volume	= 182,
  pages		= {1-24},
  month		= jul,
  doi		= {10.1016/j.jet.2019.04.001}
}

@Article{	  ckconcavity,
  author	= {Carroll, Christo{\-}pher D. and Kim{\-}ball, Miles S.},
  title		= {On the {C}on{\-}cav{\-}ity of the {C}onsumption {F}unction},
  journal	= {Econometrica},
  year		= 1996,
  volume	= 64,
  number	= 4,
  pages		= {981--992},
  note		= {\url{https://www.econ2.jhu.edu/people/ccarroll/concavity.pdf}},
  bdsk-url-1	= {https://www.econ2.jhu.edu/people/ccarroll/concavity.pdf},
  score		= 10,
  url		= {https://www.econ2.jhu.edu/people/ccarroll/concavity.pdf}
}

@Article{	  deatonliqconstr,
  author	= {Deaton, Angus S.},
  title		= {Saving and Liquidity Constraints},
  journal	= {Econometrica},
  year		= 1991,
  volume	= 59,
  pages		= {1221-1248},
  file		= {deatonLiqConstr.pdf:deatonLiqConstr.pdf:PDF},
  url		= {http://www.jstor.org/stable/2938366}
}

@Misc{		  matodarich,
  title		= {A Theory of the Saving Rate of the Rich},
  author	= {Qingyin Ma and Alexis Akira Toda},
  year		= 2020,
  eprint	= {2005.02379},
  journal	= {arXiv},
  primaryclass	= {econ.TH}
}

@Book{		  riehl2017category,
  title		= {Category theory in context},
  author	= {Riehl, Emily},
  year		= 2017,
  publisher	= {Courier Dover Publications}
}

@Article{	  stachurskitoda2019jet,
  author	= {Stachurski, John and Toda, Alexis Akira},
  title		= {An Impossibility Theorem for Wealth in Heterogeneous-Agent
		  Models with Limited Heterogeneity},
  journal	= {Journal of Economic Theory},
  year		= 2019,
  volume	= 182,
  pages		= {1-24},
  month		= jul,
  doi		= {10.1016/j.jet.2019.04.001}
}

@Article{	  ckconcavity,
  author	= {Carroll, Christo{\-}pher D. and Kim{\-}ball, Miles S.},
  title		= {On the {C}on{\-}cav{\-}ity of the {C}onsumption {F}unction},
  journal	= {Econometrica},
  year		= 1996,
  volume	= 64,
  number	= 4,
  pages		= {981--992},
  note		= {\url{https://www.econ2.jhu.edu/people/ccarroll/concavity.pdf}},
  bdsk-url-1	= {https://www.econ2.jhu.edu/people/ccarroll/concavity.pdf},
  score		= 10,
  url		= {https://www.econ2.jhu.edu/people/ccarroll/concavity.pdf}
}

@Article{	  deatonliqconstr,
  author	= {Deaton, Angus S.},
  title		= {Saving and Liquidity Constraints},
  journal	= {Econometrica},
  year		= 1991,
  volume	= 59,
  pages		= {1221-1248},
  file		= {deatonLiqConstr.pdf:deatonLiqConstr.pdf:PDF},
  url		= {http://www.jstor.org/stable/2938366}
}
